@misc{KasperskyPacketSniffer,
  author       = {www.kaspersky.com},
  howpublished = {[online]},
  title        = {What is a Packet Sniffer?},
  year         = {2022 [cit. 2022-04-23]},
  url          = {https://www.kaspersky.com/resource-center/definitions/what-is-a-packet-sniffer}
}

@book{ComputerNetworking,
  author         = {James F. Kurose and Keith W. Ross},
  publisher      = {Pearson},
  title          = {Computer networking: A Top-Down Approach},
  year           = {2017},
  isbn           = {978-0-13-359414-0},
}

@misc{LibpcapPage,
  author       = {Van Jacobson and Craig Leres and Steven McCanne},
  howpublished = {[online]},
  title        = {Home: TCPDUMP \& LIBPCAP},
  year         = {2010 [cit. 2022-04-23]},
  url          = {https://www.tcpdump.org/index.html},
}