@book{ComputerNetworking,
  author         = {James F. Kurose and Keith W. Ross},
  publisher      = {Pearson},
  title          = {Computer networking: A Top-Down Approach},
  year           = {2017},
  isbn           = {978-0-13-359414-0},
}

@book{SocketProgramming,
  author         = {B. Fenner and A. M. Rudoff},
  publisher      = {Addison-Wesley},
  title          = {UNIX Network Programming: The sockets networking API},
  year           = {2004},
  edition        = {3},
  isbn           = {0-13-141155-1},
}

@misc{DnsTunnel,
  author       = {Infoblox},
  howpublished = {[online]},
  title        = {What is DNS tunneling?},
  year         = {2022 [cit. 2022-10-28]},
  url          = {https://www.infoblox.com/glossary/dns-tunneling/},
}
